@article{boss1997uncoupling,
  title={Uncoupling protein-3: a new member of the mitochondrial carrier family with tissue-specific expression},
  author={Boss, Olivier and Samec, Sonia and Paoloni-Giacobino, Ariane and Rossier, Colette and Dulloo, Abdul and Seydoux, Josiane and Muzzin, Patrick and Giacobino, Jean-Paul},
  journal={FEBS letters},
  volume={408},
  number={1},
  pages={39--42},
  year={1997},
  publisher={Wiley Online Library}
}